<?xml version="1.0" encoding="UTF-8"?><collection xmlns="http://www.loc.gov/MARC21/slim"><record><leader>00308nam--2200121-i-4500</leader><controlfield tag="001">000045933</controlfield><controlfield tag="002">20161230</controlfield><controlfield tag="005">20161230201045</controlfield><controlfield tag="008">060222s1000------------r-----000-0-eng-d</controlfield><datafield ind1=" " ind2=" " tag="100"><subfield code="a">Vallentine, H.R</subfield></datafield><datafield ind1=" " ind2=" " tag="245"><subfield code="a">Applied hydrodynamics</subfield></datafield><datafield ind1=" " ind2=" " tag="260"><subfield code="a">London, Butterworths Scient.Publ., 1959, Viii+272p</subfield></datafield><datafield ind1=" " ind2=" " tag="852"><subfield code="a">11553</subfield></datafield></record></collection>